% This file was created with JabRef 2.10b2.
% Encoding: UTF-8


@Conference{ATLASconference,
  Title                    = {Search for Higgs Boson Production in Association with a Top-Quark Pair and Decaying to bb},
  Author                   = {ATLAS Collaboration},
  Booktitle                = {ATLAS Conference Notes},
  Year                     = {2014},
  Note                     = {ATLAS-CONF-2014-011},

  Owner                    = {karl},
  Timestamp                = {2014.08.20}
}

@Book{dittmaier2011handbook,
  Title                    = {Handbook of LHC Higgs Cross Sections: 1. Inclusive Observables : Report},
  Author                   = {Dittmaier, D. and Mariotti, C. and Passarino, G. and Tanaka, R. and European Organization for Nuclear Research},
  Publisher                = {CERN},
  Year                     = {2011},
  Number                   = {pt. 1},

  ISBN                     = {9789290833581}
}

